%YAML 1.1
%TAG !u! tag:unity3d.com,2011:
--- !u!1 &65093572097532153
GameObject:
  m_ObjectHideFlags: 0
  m_CorrespondingSourceObject: {fileID: 0}
  m_PrefabInstance: {fileID: 0}
  m_PrefabAsset: {fileID: 0}
  serializedVersion: 6
  m_Component:
  - component: {fileID: 8261386447754275413}
  - component: {fileID: 7261108571243557961}
  - component: {fileID: 5534493251352859458}
  - component: {fileID: 513964042410000773}
  - component: {fileID: 1724194496894308795}
  - component: {fileID: 2970485750762219533}
  - component: {fileID: -7242038283281748856}
  m_Layer: 0
  m_Name: Bullet
  m_TagString: Untagged
  m_Icon: {fileID: 0}
  m_NavMeshLayer: 0
  m_StaticEditorFlags: 0
  m_IsActive: 1
--- !u!4 &8261386447754275413
Transform:
  m_ObjectHideFlags: 0
  m_CorrespondingSourceObject: {fileID: 0}
  m_PrefabInstance: {fileID: 0}
  m_PrefabAsset: {fileID: 0}
  m_GameObject: {fileID: 65093572097532153}
  m_LocalRotation: {x: -0, y: -0, z: -0, w: 1}
  m_LocalPosition: {x: 0, y: 0, z: 0}
  m_LocalScale: {x: 0.5, y: 0.5, z: 0.5}
  m_Children:
  - {fileID: 1828621456697983175}
  m_Father: {fileID: 0}
  m_RootOrder: 0
  m_LocalEulerAnglesHint: {x: 0, y: 0, z: 0}
--- !u!33 &7261108571243557961
MeshFilter:
  m_ObjectHideFlags: 0
  m_CorrespondingSourceObject: {fileID: 0}
  m_PrefabInstance: {fileID: 0}
  m_PrefabAsset: {fileID: 0}
  m_GameObject: {fileID: 65093572097532153}
  m_Mesh: {fileID: 10207, guid: 0000000000000000e000000000000000, type: 0}
--- !u!23 &5534493251352859458
MeshRenderer:
  m_ObjectHideFlags: 0
  m_CorrespondingSourceObject: {fileID: 0}
  m_PrefabInstance: {fileID: 0}
  m_PrefabAsset: {fileID: 0}
  m_GameObject: {fileID: 65093572097532153}
  m_Enabled: 0
  m_CastShadows: 1
  m_ReceiveShadows: 1
  m_DynamicOccludee: 1
  m_MotionVectors: 1
  m_LightProbeUsage: 1
  m_ReflectionProbeUsage: 1
  m_RayTracingMode: 2
  m_RayTraceProcedural: 0
  m_RenderingLayerMask: 1
  m_RendererPriority: 0
  m_Materials:
  - {fileID: 10303, guid: 0000000000000000f000000000000000, type: 0}
  m_StaticBatchInfo:
    firstSubMesh: 0
    subMeshCount: 0
  m_StaticBatchRoot: {fileID: 0}
  m_ProbeAnchor: {fileID: 0}
  m_LightProbeVolumeOverride: {fileID: 0}
  m_ScaleInLightmap: 1
  m_ReceiveGI: 1
  m_PreserveUVs: 0
  m_IgnoreNormalsForChartDetection: 0
  m_ImportantGI: 0
  m_StitchLightmapSeams: 1
  m_SelectedEditorRenderState: 3
  m_MinimumChartSize: 4
  m_AutoUVMaxDistance: 0.5
  m_AutoUVMaxAngle: 89
  m_LightmapParameters: {fileID: 0}
  m_SortingLayerID: 0
  m_SortingLayer: 0
  m_SortingOrder: 0
  m_AdditionalVertexStreams: {fileID: 0}
--- !u!135 &513964042410000773
SphereCollider:
  m_ObjectHideFlags: 0
  m_CorrespondingSourceObject: {fileID: 0}
  m_PrefabInstance: {fileID: 0}
  m_PrefabAsset: {fileID: 0}
  m_GameObject: {fileID: 65093572097532153}
  m_Material: {fileID: 0}
  m_IsTrigger: 1
  m_Enabled: 1
  serializedVersion: 2
  m_Radius: 0.5
  m_Center: {x: 0, y: 0, z: 0}
--- !u!54 &1724194496894308795
Rigidbody:
  m_ObjectHideFlags: 0
  m_CorrespondingSourceObject: {fileID: 0}
  m_PrefabInstance: {fileID: 0}
  m_PrefabAsset: {fileID: 0}
  m_GameObject: {fileID: 65093572097532153}
  serializedVersion: 2
  m_Mass: 1
  m_Drag: 0
  m_AngularDrag: 0.05
  m_UseGravity: 0
  m_IsKinematic: 0
  m_Interpolate: 0
  m_Constraints: 118
  m_CollisionDetection: 0
--- !u!114 &2970485750762219533
MonoBehaviour:
  m_ObjectHideFlags: 0
  m_CorrespondingSourceObject: {fileID: 0}
  m_PrefabInstance: {fileID: 0}
  m_PrefabAsset: {fileID: 0}
  m_GameObject: {fileID: 65093572097532153}
  m_Enabled: 1
  m_EditorHideFlags: 0
  m_Script: {fileID: 11500000, guid: 6d78fcb7e7c51f74cbdf19b6d46f7906, type: 3}
  m_Name: 
  m_EditorClassIdentifier: 
  damage: 20
  speed: 10
  rb: {fileID: 1724194496894308795}
--- !u!114 &-7242038283281748856
MonoBehaviour:
  m_ObjectHideFlags: 0
  m_CorrespondingSourceObject: {fileID: 0}
  m_PrefabInstance: {fileID: 0}
  m_PrefabAsset: {fileID: 0}
  m_GameObject: {fileID: 65093572097532153}
  m_Enabled: 1
  m_EditorHideFlags: 0
  m_Script: {fileID: 11500000, guid: 6ced718c536ac804a96832891599a1dd, type: 3}
  m_Name: 
  m_EditorClassIdentifier: 
  timeCount: 1
  timePerPoint: 5
--- !u!1001 &5354969156107409215
PrefabInstance:
  m_ObjectHideFlags: 0
  serializedVersion: 2
  m_Modification:
    m_TransformParent: {fileID: 8261386447754275413}
    m_Modifications:
    - target: {fileID: 5994358816870799352, guid: 09db116b3c6f7dd4fb9fa1bc35c9d4b2, type: 3}
      propertyPath: m_RootOrder
      value: 0
      objectReference: {fileID: 0}
    - target: {fileID: 5994358816870799352, guid: 09db116b3c6f7dd4fb9fa1bc35c9d4b2, type: 3}
      propertyPath: m_LocalScale.x
      value: 13.284385
      objectReference: {fileID: 0}
    - target: {fileID: 5994358816870799352, guid: 09db116b3c6f7dd4fb9fa1bc35c9d4b2, type: 3}
      propertyPath: m_LocalScale.y
      value: 13.283056
      objectReference: {fileID: 0}
    - target: {fileID: 5994358816870799352, guid: 09db116b3c6f7dd4fb9fa1bc35c9d4b2, type: 3}
      propertyPath: m_LocalScale.z
      value: 13.283056
      objectReference: {fileID: 0}
    - target: {fileID: 5994358816870799352, guid: 09db116b3c6f7dd4fb9fa1bc35c9d4b2, type: 3}
      propertyPath: m_LocalPosition.x
      value: -0.19341588
      objectReference: {fileID: 0}
    - target: {fileID: 5994358816870799352, guid: 09db116b3c6f7dd4fb9fa1bc35c9d4b2, type: 3}
      propertyPath: m_LocalPosition.y
      value: -0.01
      objectReference: {fileID: 0}
    - target: {fileID: 5994358816870799352, guid: 09db116b3c6f7dd4fb9fa1bc35c9d4b2, type: 3}
      propertyPath: m_LocalPosition.z
      value: 0.21092178
      objectReference: {fileID: 0}
    - target: {fileID: 5994358816870799352, guid: 09db116b3c6f7dd4fb9fa1bc35c9d4b2, type: 3}
      propertyPath: m_LocalRotation.w
      value: 0.7366523
      objectReference: {fileID: 0}
    - target: {fileID: 5994358816870799352, guid: 09db116b3c6f7dd4fb9fa1bc35c9d4b2, type: 3}
      propertyPath: m_LocalRotation.x
      value: -0
      objectReference: {fileID: 0}
    - target: {fileID: 5994358816870799352, guid: 09db116b3c6f7dd4fb9fa1bc35c9d4b2, type: 3}
      propertyPath: m_LocalRotation.y
      value: 0.6762716
      objectReference: {fileID: 0}
    - target: {fileID: 5994358816870799352, guid: 09db116b3c6f7dd4fb9fa1bc35c9d4b2, type: 3}
      propertyPath: m_LocalRotation.z
      value: -0
      objectReference: {fileID: 0}
    - target: {fileID: 5994358816870799352, guid: 09db116b3c6f7dd4fb9fa1bc35c9d4b2, type: 3}
      propertyPath: m_LocalEulerAnglesHint.x
      value: 0
      objectReference: {fileID: 0}
    - target: {fileID: 5994358816870799352, guid: 09db116b3c6f7dd4fb9fa1bc35c9d4b2, type: 3}
      propertyPath: m_LocalEulerAnglesHint.y
      value: 85.106
      objectReference: {fileID: 0}
    - target: {fileID: 5994358816870799352, guid: 09db116b3c6f7dd4fb9fa1bc35c9d4b2, type: 3}
      propertyPath: m_LocalEulerAnglesHint.z
      value: 0
      objectReference: {fileID: 0}
    - target: {fileID: 5994358816871222232, guid: 09db116b3c6f7dd4fb9fa1bc35c9d4b2, type: 3}
      propertyPath: m_Name
      value: 2k(blue)
      objectReference: {fileID: 0}
    m_RemovedComponents: []
  m_SourcePrefab: {fileID: 100100000, guid: 09db116b3c6f7dd4fb9fa1bc35c9d4b2, type: 3}
--- !u!4 &1828621456697983175 stripped
Transform:
  m_CorrespondingSourceObject: {fileID: 5994358816870799352, guid: 09db116b3c6f7dd4fb9fa1bc35c9d4b2, type: 3}
  m_PrefabInstance: {fileID: 5354969156107409215}
  m_PrefabAsset: {fileID: 0}
